<record><leader>00000cas a22000007a 4500</leader><controlfield tag="001">28196402</controlfield><controlfield tag="008">930602d19081908nmuwr ne      0    0eng d</controlfield><datafield ind1=" " ind2=" " tag="010"><subfield code="a">sn 93061522 </subfield></datafield><datafield ind1=" " ind2=" " tag="040"><subfield code="a">NVM</subfield><subfield code="b">eng</subfield><subfield code="c">NVM</subfield><subfield code="d">OCLCQ</subfield></datafield><datafield ind1=" " ind2=" " tag="042"><subfield code="a">msc</subfield></datafield><datafield ind1=" " ind2=" " tag="043"><subfield code="a">n-us-nm</subfield></datafield><datafield ind1="0" ind2="0" tag="245"><subfield code="a">Perry progress.</subfield></datafield><datafield ind1=" " ind2=" " tag="260"><subfield code="a">Perry, Quay Co., N.M. :</subfield><subfield code="b">L.L. Klinefelter</subfield></datafield><datafield ind1=" " ind2=" " tag="300"><subfield code="a">v.</subfield></datafield><datafield ind1=" " ind2=" " tag="310"><subfield code="a">Weekly</subfield></datafield><datafield ind1="0" ind2=" " tag="362"><subfield code="a">Vol. 1, no. 1 (July 10, 1908)-v. 1, no. 12 (Sept. 25, 1908).</subfield></datafield><datafield ind1=" " ind2=" " tag="500"><subfield code="a">"Town and Post Office, Perry, Quay Co., N.M. Name of railroad station, Obar."</subfield></datafield><datafield ind1=" " ind2=" " tag="530"><subfield code="a">Also on microfilm: El Paso, Tex. : Southwest Micropublishing, Inc.</subfield></datafield><datafield ind1=" " ind2="4" tag="651"><subfield code="a">Obar (N.M.)</subfield><subfield code="v">Newspapers.</subfield></datafield><datafield ind1=" " ind2="4" tag="651"><subfield code="a">Perry (N.M.)</subfield><subfield code="v">Newspapers.</subfield></datafield><datafield ind1=" " ind2="4" tag="651"><subfield code="a">Quay County (N.M.)</subfield><subfield code="v">Newspapers.</subfield></datafield><datafield ind1=" " ind2=" " tag="752"><subfield code="a">United States</subfield><subfield code="b">New Mexico</subfield><subfield code="c">Quay</subfield><subfield code="d">Obar.</subfield></datafield><datafield ind1="0" ind2="0" tag="785"><subfield code="t">Obar progress</subfield><subfield code="w">(DLC)sn 86063591</subfield></datafield><datafield ind1="1" ind2=" " tag="029"><subfield code="a">AU@</subfield><subfield code="b">000025868597</subfield></datafield></record>